@inproceedings{Bowman1999Linux,
  title={Linux as a case study: Its extracted software architecture},
  author={Bowman, Ivan T and Holt, Richard C and Brewster, Neil V},
  booktitle={Proceedings of the 21st international conference on Software engineering},
  pages={555--563},
  year={1999},
  organization={ACM}
}
